<?xml version="1.0" encoding="UTF-8"?><collection xmlns="http://www.loc.gov/MARC21/slim"><record><leader>00701nam--2200253-u-4500</leader><controlfield tag="001">000050303</controlfield><controlfield tag="002">20161230</controlfield><controlfield tag="003">81688</controlfield><controlfield tag="005">20161230201048</controlfield><controlfield tag="008">060522s1000------------r-----000-0-eng-d</controlfield><datafield ind1=" " ind2=" " tag="020"><subfield code="a">3527304843</subfield></datafield><datafield ind1=" " ind2=" " tag="040"><subfield code="a">IFIN-HH</subfield></datafield><datafield ind1=" " ind2=" " tag="041"><subfield code="a">eng</subfield></datafield><datafield ind1=" " ind2=" " tag="080"><subfield code="a">538.9:544.016:535</subfield></datafield><datafield ind1="1" ind2=" " tag="100"><subfield code="a">Gomez-Romero, Pedro</subfield></datafield><datafield ind1="1" ind2="0" tag="245"><subfield code="a">Functional Hybrid Materials</subfield><subfield code="c">Perdo Gomez-Romero, Clement Sanchez (Eds.)</subfield></datafield><datafield ind1=" " ind2=" " tag="260"><subfield code="a">Weinheim</subfield><subfield code="b">Wiley-CVH</subfield><subfield code="c">2004</subfield></datafield><datafield ind1=" " ind2=" " tag="300"><subfield code="a">417 p</subfield><subfield code="b">ilustr</subfield></datafield><datafield ind1=" " ind2=" " tag="504"><subfield code="a">Contine Referinte bibliografice si Index</subfield></datafield><datafield ind1=" " ind2="4" tag="650"><subfield code="a">Composite materials</subfield></datafield><datafield ind1=" " ind2=" " tag="650"><subfield code="a">Conducting polymers</subfield></datafield><datafield ind1="1" ind2=" " tag="700"><subfield code="a">Sanchez, Clement</subfield><subfield code="e">Ed</subfield></datafield><datafield ind1=" " ind2=" " tag="852"><subfield code="a">81688</subfield><subfield code="c">001.2</subfield></datafield><datafield ind1=" " ind2=" " tag="CAT"><subfield code="a">Sys</subfield><subfield code="c">20110104</subfield><subfield code="h">152002</subfield></datafield></record></collection>